%% This BibTeX bibliography file was created using BibDesk.
%% http://bibdesk.sourceforge.net/


%% Created for Darkside at 2010-03-29 14:21:15 +1030 


%% Saved with string encoding Unicode (UTF-8) 



@url{aus_ips_tool,
	Author = {Australian Bureau of Meteorology},
	Date-Added = {2010-03-29 13:56:36 +1030},
	Date-Modified = {2010-03-29 14:21:15 +1030},
	Lastchecked = {Mar. 14, 2010},
	Read = {No},
	Title = {IPS Online HF Network Frequency Selection Tool},
	Url = {http://www.ips.gov.au/HF\_Systems/7/1/10},
	Urldate = {Mar. 14, 2010}}
